%% This BibTeX bibliography file was created using BibDesk.
%% http://bibdesk.sourceforge.net/


%% Created for Shah, Akhil at 2016-02-19 12:05:07 -0800 


%% Saved with string encoding Unicode (UTF-8) 



@inbook{Grabbe:2014aa,
	Annote = {doi:10.2514/6.2014-2712},
	Author = {Shon R. Grabbe and Banavar Sridhar and Avijit Mukherjee},
	Booktitle = {14th AIAA Aviation Technology, Integration, and Operations Conference},
	Date-Added = {2016-02-19 19:57:10 +0000},
	Date-Modified = {2016-02-19 19:57:10 +0000},
	Doi = {doi:10.2514/6.2014-2712},
	M1 = {0},
	M3 = {doi:10.2514/6.2014-2712},
	Month = {2016/02/19},
	Publisher = {American Institute of Aeronautics and Astronautics},
	Title = {Clustering Days with Similar Airport Weather Conditions},
	Title1 = {AIAA Aviation},
	Ty = {CHAP},
	Url = {http://dx.doi.org/10.2514/6.2014-2712},
	Year = {2014},
	Year1 = {2014/06/13},
	Bdsk-Url-1 = {http://dx.doi.org/10.2514/6.2014-2712}}

@article{ridgeway2006gbm,
	Author = {Ridgeway, Greg and others},
	Date-Added = {2016-02-19 19:48:04 +0000},
	Date-Modified = {2016-02-19 19:48:04 +0000},
	Journal = {R package version},
	Number = {3},
	Title = {gbm: Generalized boosted regression models},
	Volume = {1},
	Year = {2006}}

@article{lee2010improving,
	Author = {Lee, Brian K and Lessler, Justin and Stuart, Elizabeth A},
	Date-Added = {2016-02-19 19:37:41 +0000},
	Date-Modified = {2016-02-19 19:37:41 +0000},
	Journal = {Statistics in medicine},
	Number = {3},
	Pages = {337--346},
	Publisher = {Wiley Online Library},
	Title = {Improving propensity score weighting using machine learning},
	Volume = {29},
	Year = {2010}}

@article{projreport,
	Author = {Kuhn, Kenneth D; Shah, Akhil; Skeels, Christopher},
	Date-Added = {2016-02-18 23:14:41 +0000},
	Date-Modified = {2016-02-18 23:16:42 +0000},
	Journal = {NASA Research Report},
	Title = {Similar days for air traffic flow management in the new york area},
	Year = {2015}}

@article{austin2011tutorial,
	Author = {Austin, Peter C},
	Date-Added = {2015-08-28 14:23:49 +0000},
	Date-Modified = {2015-08-28 14:23:49 +0000},
	Journal = {Multivariate behavioral research},
	Number = {1},
	Pages = {119--151},
	Publisher = {Taylor \& Francis},
	Title = {A tutorial and case study in propensity score analysis: an application to estimating the effect of in-hospital smoking cessation counseling on mortality},
	Volume = {46},
	Year = {2011}}

@article{victora2004evidence,
	Author = {Victora, Cesar G and Habicht, Jean-Pierre and Bryce, Jennifer},
	Date-Added = {2015-08-28 13:53:54 +0000},
	Date-Modified = {2015-08-28 13:53:54 +0000},
	Journal = {American journal of public health},
	Number = {3},
	Pages = {400--405},
	Publisher = {American Public Health Association},
	Title = {Evidence-based public health: moving beyond randomized trials},
	Volume = {94},
	Year = {2004}}

@inproceedings{tariq2009detecting,
	Author = {Tariq, Mukarram Bin and Motiwala, Murtaza and Feamster, Nick and Ammar, Mostafa},
	Booktitle = {Proceedings of the 5th international conference on Emerging networking experiments and technologies},
	Date-Added = {2015-08-28 13:51:48 +0000},
	Date-Modified = {2015-08-28 13:51:48 +0000},
	Organization = {ACM},
	Pages = {289--300},
	Title = {Detecting network neutrality violations with causal inference},
	Year = {2009}}

@article{bottou2013counterfactual,
	Author = {Bottou, L{\'e}on and Peters, Jonas and Quinonero-Candela, Joaquin and Charles, Denis X and Chickering, D Max and Portugaly, Elon and Ray, Dipankar and Simard, Patrice and Snelson, Ed},
	Date-Added = {2015-08-28 13:49:58 +0000},
	Date-Modified = {2015-08-28 13:49:58 +0000},
	Journal = {The Journal of Machine Learning Research},
	Number = {1},
	Pages = {3207--3260},
	Publisher = {JMLR. org},
	Title = {Counterfactual reasoning and learning systems: The example of computational advertising},
	Volume = {14},
	Year = {2013}}

@inproceedings{schaefer2001flight,
	Author = {Schaefer, Lisa and Millner, David},
	Booktitle = {Systems, Man, and Cybernetics, 2001 IEEE International Conference on},
	Date-Added = {2015-08-28 12:33:55 +0000},
	Date-Modified = {2015-08-28 12:33:55 +0000},
	Organization = {IEEE},
	Pages = {1299--1303},
	Title = {Flight delay propagation analysis with the detailed policy assessment tool},
	Volume = {2},
	Year = {2001}}

@article{facet,
	Author = {Sridhar, B. and Broto Chatterji, G. and Randall Grabbe, S.},
	Date-Added = {2015-08-27 22:23:56 +0000},
	Date-Modified = {2015-08-27 22:24:05 +0000},
	Doi = {10.1109/6979.898221},
	Issn = {1524-9050},
	Journal = {Intelligent Transportation Systems, IEEE Transactions on},
	Keywords = {air traffic control;decision support systems;National Airspace System;air traffic management;automation tools;direct time-saving routes;direct-to tool;optimal routes;route preferences;time constraints;traffic flow;Air traffic control;Aircraft;Automatic control;Design automation;Europe;NASA;Routing;Safety;Time factors;Traffic control},
	Month = {Dec},
	Number = {4},
	Pages = {190-198},
	Title = {Benefits of direct-to tool in National Airspace System},
	Volume = {1},
	Year = {2000},
	Bdsk-Url-1 = {http://dx.doi.org/10.1109/6979.898221}}

@inproceedings{wieland1997limits,
	Author = {Wieland, Frederick},
	Booktitle = {Digital Avionics Systems Conference, 1997. 16th DASC., AIAA/IEEE},
	Date-Added = {2015-08-27 22:20:58 +0000},
	Date-Modified = {2015-08-27 22:20:58 +0000},
	Organization = {IEEE},
	Pages = {9--2},
	Title = {Limits to growth: results from the detailed policy assessment tool [air traffic congestion]},
	Volume = {2},
	Year = {1997}}

@article{pyrgiotis2011public,
	Author = {Pyrgiotis, Nikolas},
	Date-Added = {2015-08-27 22:20:33 +0000},
	Date-Modified = {2015-08-27 22:20:33 +0000},
	Journal = {Transportation Research Record: Journal of the Transportation Research Board},
	Number = {2206},
	Pages = {69--83},
	Publisher = {Transportation Research Board of the National Academies},
	Title = {Public policy model of delays in a large network of major airports},
	Year = {2011}}

@inproceedings{kim2009air,
	Author = {Kim, Jinwhan and Tandale, MD and Menon, PK},
	Booktitle = {9th AIAA Aviation Technology, Integration, and Operations Conference},
	Date-Added = {2015-08-27 22:18:35 +0000},
	Date-Modified = {2015-08-27 22:18:35 +0000},
	Title = {Air-Traffic Uncertainty Models for Queuing Analysis},
	Year = {2009}}

@techreport{bardina2011nasa,
	Author = {Bardina, Jorge},
	Date-Added = {2015-08-27 22:14:36 +0000},
	Date-Modified = {2015-08-27 22:14:36 +0000},
	Institution = {SAE Technical Paper},
	Title = {NASA system-level design, analysis and simulation tools research on NextGen},
	Year = {2011}}

@inproceedings{sengupta2010computational,
	Author = {Sengupta, Prasenjit and Tandale, Monish D and Menon, PK},
	Booktitle = {10th AIAA Aviation Technology, Integration, and Operations (ATIO) Conference},
	Date-Added = {2015-08-27 22:14:18 +0000},
	Date-Modified = {2015-08-27 22:14:18 +0000},
	Pages = {9137},
	Title = {Computational Queuing Analysis: An Application to Traffic Flow Analysis of the NAS},
	Year = {2010}}

@article{austin2011introduction,
	Author = {Austin, Peter C},
	Date-Added = {2015-08-27 22:06:13 +0000},
	Date-Modified = {2015-08-27 22:06:13 +0000},
	Journal = {Multivariate behavioral research},
	Number = {3},
	Pages = {399--424},
	Publisher = {Taylor \& Francis},
	Title = {An introduction to propensity score methods for reducing the effects of confounding in observational studies},
	Volume = {46},
	Year = {2011}}

@article{kim2013,
	Author = {Kim, Amy and Hansen, Mark},
	Date-Added = {2015-08-27 19:36:43 +0000},
	Date-Modified = {2015-08-27 19:37:09 +0000},
	Journal = {Transportation Research Part B: Methodological},
	Pages = {119--133},
	Publisher = {Elsevier},
	Title = {Deconstructing delay: A non-parametric approach to analyzing delay changes in single server queuing systems},
	Volume = {58},
	Year = {2013}}

@article{mccaffrey2013tutorial,
	Author = {McCaffrey, Daniel F and Griffin, Beth Ann and Almirall, Daniel and Slaughter, Mary Ellen and Ramchand, Rajeev and Burgette, Lane F},
	Date-Added = {2015-08-27 19:35:35 +0000},
	Date-Modified = {2015-08-27 19:35:35 +0000},
	Journal = {Statistics in medicine},
	Number = {19},
	Pages = {3388--3414},
	Publisher = {Wiley Online Library},
	Title = {A tutorial on propensity score estimation for multiple treatments using generalized boosted models},
	Volume = {32},
	Year = {2013}}

@article{ridgeway2015toolkit,
	Author = {Ridgeway, Greg and McCaffrey, Dan and Morral, Andrew and Burgette, Lane and Griffin, Beth Ann},
	Date-Added = {2015-08-27 19:35:16 +0000},
	Date-Modified = {2015-08-27 19:35:16 +0000},
	Journal = {R vignette. RAND},
	Title = {Toolkit for Weighting and Analysis of Nonequivalent Groups: A tutorial for the twang package},
	Year = {2015}}

@article{rubin1974estimating,
	Author = {Rubin, Donald B},
	Date-Added = {2015-08-27 19:34:26 +0000},
	Date-Modified = {2015-08-27 19:34:26 +0000},
	Journal = {Journal of educational Psychology},
	Number = {5},
	Pages = {688},
	Publisher = {American Psychological Association},
	Title = {Estimating causal effects of treatments in randomized and nonrandomized studies.},
	Volume = {66},
	Year = {1974}}

@article{kuhn2013ground,
	Author = {Kuhn, Kenneth D},
	Date-Added = {2015-08-13 20:00:00 +0000},
	Date-Modified = {2015-08-13 20:00:00 +0000},
	Journal = {Transportation Research Part C: Emerging Technologies},
	Pages = {193--203},
	Publisher = {Elsevier},
	Title = {Ground delay program planning: Delay, equity, and computational complexity},
	Volume = {35},
	Year = {2013}}

@article{bloem2015ground,
	Author = {Bloem, Michael and Bambos, Nicholas},
	Date-Added = {2015-08-06 22:39:23 +0000},
	Date-Modified = {2015-08-06 22:39:23 +0000},
	Journal = {Journal of Aerospace Information Systems},
	Number = {3},
	Pages = {299--313},
	Publisher = {American Institute of Aeronautics and Astronautics},
	Title = {Ground Delay Program analytics with behavioral cloning and inverse reinforcement learning},
	Volume = {12},
	Year = {2015}}

@article{delgadoeffect,
	Author = {Delgado, Luis and Prats, Xavier},
	Date-Added = {2015-08-06 22:38:32 +0000},
	Date-Modified = {2015-08-06 22:38:32 +0000},
	Title = {Effect of Radii of Exemption on Ground Delay Programs with Operating Cost Based Cruise Speed Reduction}}

@article{ball2004ground,
	Author = {Ball, MO and Lulli, G},
	Date-Added = {2015-08-06 22:37:52 +0000},
	Date-Modified = {2015-08-06 22:37:52 +0000},
	Journal = {Air Traffic Control Quarterly},
	Number = {1},
	Title = {GROUND DELAY PROGRAMS: OPTIMIZING OVER THE INCLUDED FLIGHT SET BASED ON DISTANCE},
	Volume = {12},
	Year = {2004}}

@inproceedings{manley2008impact,
	Author = {Manley, Bengi and Sherry, Lance},
	Date-Added = {2015-08-06 22:35:08 +0000},
	Date-Modified = {2015-08-06 22:35:08 +0000},
	Title = {The impact of ground delay program (GDP) rationing rules on passenger and airline equity}}

@article{cook2010model,
	Author = {Cook, Lara S and Wood, Bryan},
	Date-Added = {2015-08-06 22:33:28 +0000},
	Date-Modified = {2015-08-06 22:33:28 +0000},
	Title = {A model for determining ground delay program parameters using a probabilistic forecast of stratus clearing}}
