%% This BibTeX bibliography file was created using BibDesk.
%% http://bibdesk.sourceforge.net/


%% Created for Shah, Akhil at 2017-01-27 13:36:02 -0800 


%% Saved with string encoding Unicode (UTF-8) 



@article{fong2017covariate,
	Author = {Fong, Christian and Hazlett, Chad and Imai, Kosuke},
	Date-Added = {2017-01-27 21:03:39 +0000},
	Date-Modified = {2017-01-27 21:03:39 +0000},
	Title = {Covariate Balancing Propensity Score for a Continuous Treatment: Application to the Efficacy of Political Advertisements},
	Year = {2017}}

@article{diana2011predicting,
	Author = {Diana, Tony},
	Date-Added = {2017-01-27 17:32:45 +0000},
	Date-Modified = {2017-01-27 17:32:45 +0000},
	Journal = {Journal of Aircraft},
	Number = {2},
	Pages = {462--467},
	Title = {Predicting arrival delays: An application of spatial analysis},
	Volume = {48},
	Year = {2011}}

@article{tien2015evaluation,
	Author = {Tien, Shin-Lai and Roy, Sandip and Taylor, CP and Wanke, C and Dhal, R},
	Date-Added = {2017-01-23 19:36:38 +0000},
	Date-Modified = {2017-01-23 19:37:40 +0000},
	Journal = {17th Conference on Aviation, Range, and Aerospace Meteorology, 95th Annual Conference, Amer. Meteor. Soc.},
	Title = {Evaluation of an Airport Capacity Prediction Model for Strategizing Air Traffic Management},
	Year = {2015}}

@article{gwiggner2014data,
	Author = {Gwiggner, Claus and Nagaoka, Sakae},
	Date-Added = {2017-01-23 19:24:27 +0000},
	Date-Modified = {2017-01-23 19:24:27 +0000},
	Journal = {European Journal of Operational Research},
	Number = {1},
	Pages = {265--275},
	Publisher = {Elsevier},
	Title = {Data and queueing analysis of a Japanese air-traffic flow},
	Volume = {235},
	Year = {2014}}

@article{hirata2013analysis,
	Author = {Hirata, Terumitsu and Shimizu, Azumanosuke and MIMURA, Daichi and Tetsuo, YAI},
	Date-Added = {2017-01-23 19:22:06 +0000},
	Date-Modified = {2017-01-23 19:22:06 +0000},
	Journal = {Journal of the Eastern Asia Society for Transportation Studies},
	Pages = {2210--2222},
	Publisher = {Eastern Asia Society for Transportation Studies},
	Title = {Analysis of Airborne Delay Characteristics of Flights Controlled by Ground-Holding: Case of the Flights to Tokyo International Airport},
	Volume = {10},
	Year = {2013}}

@article{caccavale2014model,
	Author = {Caccavale, Maria Virginia and Iovanella, Antonio and Lancia, Carlo and Lulli, Guglielmo and Scoppola, Benedetto},
	Date-Added = {2017-01-23 19:21:26 +0000},
	Date-Modified = {2017-01-23 19:21:26 +0000},
	Journal = {Journal of Air Transport Management},
	Pages = {116--122},
	Publisher = {Elsevier},
	Title = {A model of inbound air traffic: The application to Heathrow airport},
	Volume = {34},
	Year = {2014}}

@inproceedings{coville2012wide,
	Author = {Coville, Gareth O and Baden Jr, Billy and Millner, David C},
	Booktitle = {12th AIAA Aviation Technology, Integration, and Operations (ATIO) Conference and 14th AIAA/ISSMO Multidisciplinary Analysis and Optimization Conference},
	Date-Added = {2017-01-18 01:50:59 +0000},
	Date-Modified = {2017-01-18 01:50:59 +0000},
	Pages = {5460},
	Title = {NAS-Wide Performance: Impact of Select Uncertainty Factors and Implications for Experimental Design},
	Year = {2012}}

@article{liu2013evaluation,
	Author = {Liu, Yi and Hansen, Mark},
	Date-Added = {2017-01-18 01:31:34 +0000},
	Date-Modified = {2017-01-18 01:31:34 +0000},
	Journal = {Transportation Research Record: Journal of the Transportation Research Board},
	Number = {2400},
	Pages = {54--64},
	Publisher = {Transportation Research Board of the National Academies},
	Title = {Evaluation of the Performance of Ground Delay Programs},
	Year = {2013}}

@inproceedings{ball2001analysis,
	Author = {Ball, MO and Vossen, Thomas and Hoffman, Robert},
	Booktitle = {4th USA/Europe Air Traffic Management R\&D Seminar},
	Date-Added = {2017-01-18 00:50:45 +0000},
	Date-Modified = {2017-01-18 00:50:45 +0000},
	Pages = {51--60},
	Title = {Analysis of demand uncertainty effects in ground delay programs},
	Year = {2001}}

@article{belkoura2016generation,
	Author = {Belkoura, Seddik and Pe{\~n}a, Jos{\'e} Maria and Zanin, Massimiliano},
	Date-Added = {2017-01-16 21:33:26 +0000},
	Date-Modified = {2017-01-16 21:33:26 +0000},
	Journal = {Transportation Research Part C: Emerging Technologies},
	Pages = {436--450},
	Publisher = {Elsevier},
	Title = {Generation and recovery of airborne delays in air transport},
	Volume = {69},
	Year = {2016}}

@inproceedings{takeichi2017arrival,
	Author = {Takeichi, Noboru},
	Booktitle = {AIAA Modeling and Simulation Technologies Conference},
	Date-Added = {2017-01-16 21:30:11 +0000},
	Date-Modified = {2017-01-16 21:30:11 +0000},
	Pages = {1323},
	Title = {Arrival Traffic Scheduling Performance subject to Futuristic Traffic Statistics},
	Year = {2017}}

@article{ryerson2014time,
	Author = {Ryerson, Megan S and Hansen, Mark and Bonn, James},
	Date-Added = {2017-01-16 21:29:44 +0000},
	Date-Modified = {2017-01-16 21:29:44 +0000},
	Journal = {Transportation Research Part A: Policy and Practice},
	Pages = {286--298},
	Publisher = {Elsevier},
	Title = {Time to burn: flight delay, terminal efficiency, and fuel consumption in the national airspace system},
	Volume = {69},
	Year = {2014}}

@inproceedings{hao2013airlines,
	Author = {Hao, Lu and Hansen, Mark},
	Booktitle = {10th USA/Europe Air Traffic Management Research and Development Seminar, Chicago IL},
	Date-Added = {2017-01-06 21:15:01 +0000},
	Date-Modified = {2017-01-06 21:15:01 +0000},
	Title = {How airlines set scheduled block times},
	Year = {2013}}

@inproceedings{bilimoria2016analysis,
	Author = {Bilimoria, K},
	Booktitle = {AIAA Aviation Technology, Integration, and Operations Conference},
	Date-Added = {2017-01-05 18:50:30 +0000},
	Date-Modified = {2017-01-05 18:50:30 +0000},
	Title = {Analysis of Additional Delays Experienced by Flights Subject to Ground Holding},
	Year = {2016}}

@article{jacquillat2015endogenous,
	Author = {Jacquillat, Alexandre and Odoni, Amedeo R},
	Date-Added = {2016-10-03 16:56:34 +0000},
	Date-Modified = {2016-10-03 16:56:34 +0000},
	Journal = {Transportation Research Part E: Logistics and Transportation Review},
	Pages = {133--151},
	Publisher = {Elsevier},
	Title = {Endogenous control of service rates in stochastic and dynamic queuing models of airport congestion},
	Volume = {73},
	Year = {2015}}

@article{faatfm,
	Author = {FAA},
	Date-Added = {2016-07-26 00:16:53 +0000},
	Date-Modified = {2016-07-26 00:18:50 +0000},
	Journal = {ATCSCC Products},
	Title = {TFM in the NAS -- Info for Flight Ops Personnel},
	Url = {https://www.fly.faa.gov/Products/Training/Traffic_Management_for_Pilots/TFM_in_the_NAS_Booklet_ca10.pdf},
	Year = {2009},
	Bdsk-Url-1 = {https://www.fly.faa.gov/Products/Training/Traffic_Management_for_Pilots/TFM_in_the_NAS_Booklet_ca10.pdf}}

@article{austin2010performance,
	Author = {Austin, Peter C},
	Date-Added = {2016-07-26 00:16:38 +0000},
	Date-Modified = {2016-07-26 00:16:38 +0000},
	Journal = {Statistics in medicine},
	Number = {20},
	Pages = {2137--2148},
	Publisher = {Wiley Online Library},
	Title = {The performance of different propensity-score methods for estimating differences in proportions (risk differences or absolute risk reductions) in observational studies},
	Volume = {29},
	Year = {2010}}

@article{imai2015robust,
	Author = {Imai, Kosuke and Ratkovic, Marc},
	Date-Added = {2016-07-26 00:14:53 +0000},
	Date-Modified = {2016-07-26 00:14:53 +0000},
	Journal = {Journal of the American Statistical Association},
	Number = {511},
	Pages = {1013--1023},
	Publisher = {Taylor \& Francis},
	Title = {Robust estimation of inverse probability weights for marginal structural models},
	Volume = {110},
	Year = {2015}}

@article{lunceford2004stratification,
	Author = {Lunceford, Jared K and Davidian, Marie},
	Date-Added = {2016-07-25 19:13:55 +0000},
	Date-Modified = {2016-07-25 19:13:55 +0000},
	Journal = {Statistics in medicine},
	Number = {19},
	Pages = {2937--2960},
	Publisher = {Wiley Online Library},
	Title = {Stratification and weighting via the propensity score in estimation of causal treatment effects: a comparative study},
	Volume = {23},
	Year = {2004}}

@inproceedings{arneson2015initial,
	Author = {Arneson, Heather},
	Booktitle = {15th AIAA Aviation Technology, Integration, and Operations Conference},
	Date-Added = {2016-07-25 18:21:31 +0000},
	Date-Modified = {2016-07-25 18:21:31 +0000},
	Pages = {3395},
	Title = {Initial analysis of and predictive model development for weather reroute advisory use},
	Year = {2015}}

@article{tfmiCluster,
	Author = {Kuhn, Kenneth D and Shah, Akhil and Skeels, Christopher},
	Date-Added = {2016-03-01 18:40:42 +0000},
	Date-Modified = {2016-03-01 19:34:53 +0000},
	Journal = {NASA Research Report},
	Title = {Traffic Flow Management Plan Characterization},
	Year = {2016}}

@inbook{Grabbe:2014aa,
	Annote = {doi:10.2514/6.2014-2712},
	Author = {Shon R. Grabbe and Banavar Sridhar and Avijit Mukherjee},
	Booktitle = {14th AIAA Aviation Technology, Integration, and Operations Conference},
	Date-Added = {2016-02-19 19:57:10 +0000},
	Date-Modified = {2016-02-19 19:57:10 +0000},
	Doi = {doi:10.2514/6.2014-2712},
	M1 = {0},
	M3 = {doi:10.2514/6.2014-2712},
	Month = {2016/02/19},
	Publisher = {American Institute of Aeronautics and Astronautics},
	Title = {Clustering Days with Similar Airport Weather Conditions},
	Title1 = {AIAA Aviation},
	Ty = {CHAP},
	Url = {http://dx.doi.org/10.2514/6.2014-2712},
	Year = {2014},
	Year1 = {2014/06/13},
	Bdsk-Url-1 = {http://dx.doi.org/10.2514/6.2014-2712}}

@article{ridgeway2006gbm,
	Author = {Ridgeway, Greg and others},
	Date-Added = {2016-02-19 19:48:04 +0000},
	Date-Modified = {2016-02-19 19:48:04 +0000},
	Journal = {R package version},
	Number = {3},
	Title = {gbm: Generalized boosted regression models},
	Volume = {1},
	Year = {2006}}

@article{lee2010improving,
	Author = {Lee, Brian K and Lessler, Justin and Stuart, Elizabeth A},
	Date-Added = {2016-02-19 19:37:41 +0000},
	Date-Modified = {2016-02-19 19:37:41 +0000},
	Journal = {Statistics in medicine},
	Number = {3},
	Pages = {337--346},
	Publisher = {Wiley Online Library},
	Title = {Improving propensity score weighting using machine learning},
	Volume = {29},
	Year = {2010}}

@article{projreport,
	Author = {Kuhn, Kenneth D and Shah, Akhil and Skeels, Christopher},
	Date-Added = {2016-02-18 23:14:41 +0000},
	Date-Modified = {2016-03-01 19:34:39 +0000},
	Journal = {NASA Research Report},
	Title = {Similar days for air traffic flow management in the new york area},
	Year = {2015}}

@article{austin2011tutorial,
	Author = {Austin, Peter C},
	Date-Added = {2015-08-28 14:23:49 +0000},
	Date-Modified = {2015-08-28 14:23:49 +0000},
	Journal = {Multivariate behavioral research},
	Number = {1},
	Pages = {119--151},
	Publisher = {Taylor \& Francis},
	Title = {A tutorial and case study in propensity score analysis: an application to estimating the effect of in-hospital smoking cessation counseling on mortality},
	Volume = {46},
	Year = {2011}}

@article{victora2004evidence,
	Author = {Victora, Cesar G and Habicht, Jean-Pierre and Bryce, Jennifer},
	Date-Added = {2015-08-28 13:53:54 +0000},
	Date-Modified = {2015-08-28 13:53:54 +0000},
	Journal = {American journal of public health},
	Number = {3},
	Pages = {400--405},
	Publisher = {American Public Health Association},
	Title = {Evidence-based public health: moving beyond randomized trials},
	Volume = {94},
	Year = {2004}}

@inproceedings{tariq2009detecting,
	Author = {Tariq, Mukarram Bin and Motiwala, Murtaza and Feamster, Nick and Ammar, Mostafa},
	Booktitle = {Proceedings of the 5th international conference on Emerging networking experiments and technologies},
	Date-Added = {2015-08-28 13:51:48 +0000},
	Date-Modified = {2015-08-28 13:51:48 +0000},
	Organization = {ACM},
	Pages = {289--300},
	Title = {Detecting network neutrality violations with causal inference},
	Year = {2009}}

@article{bottou2013counterfactual,
	Author = {Bottou, L{\'e}on and Peters, Jonas and Quinonero-Candela, Joaquin and Charles, Denis X and Chickering, D Max and Portugaly, Elon and Ray, Dipankar and Simard, Patrice and Snelson, Ed},
	Date-Added = {2015-08-28 13:49:58 +0000},
	Date-Modified = {2015-08-28 13:49:58 +0000},
	Journal = {The Journal of Machine Learning Research},
	Number = {1},
	Pages = {3207--3260},
	Publisher = {JMLR. org},
	Title = {Counterfactual reasoning and learning systems: The example of computational advertising},
	Volume = {14},
	Year = {2013}}

@inproceedings{schaefer2001flight,
	Author = {Schaefer, Lisa and Millner, David},
	Booktitle = {Systems, Man, and Cybernetics, 2001 IEEE International Conference on},
	Date-Added = {2015-08-28 12:33:55 +0000},
	Date-Modified = {2015-08-28 12:33:55 +0000},
	Organization = {IEEE},
	Pages = {1299--1303},
	Title = {Flight delay propagation analysis with the detailed policy assessment tool},
	Volume = {2},
	Year = {2001}}

@article{facet,
	Author = {Sridhar, B. and Broto Chatterji, G. and Randall Grabbe, S.},
	Date-Added = {2015-08-27 22:23:56 +0000},
	Date-Modified = {2015-08-27 22:24:05 +0000},
	Doi = {10.1109/6979.898221},
	Issn = {1524-9050},
	Journal = {Intelligent Transportation Systems, IEEE Transactions on},
	Keywords = {air traffic control;decision support systems;National Airspace System;air traffic management;automation tools;direct time-saving routes;direct-to tool;optimal routes;route preferences;time constraints;traffic flow;Air traffic control;Aircraft;Automatic control;Design automation;Europe;NASA;Routing;Safety;Time factors;Traffic control},
	Month = {Dec},
	Number = {4},
	Pages = {190-198},
	Title = {Benefits of direct-to tool in National Airspace System},
	Volume = {1},
	Year = {2000},
	Bdsk-Url-1 = {http://dx.doi.org/10.1109/6979.898221}}

@inproceedings{wieland1997limits,
	Author = {Wieland, Frederick},
	Booktitle = {Digital Avionics Systems Conference, 1997. 16th DASC., AIAA/IEEE},
	Date-Added = {2015-08-27 22:20:58 +0000},
	Date-Modified = {2015-08-27 22:20:58 +0000},
	Organization = {IEEE},
	Pages = {9--2},
	Title = {Limits to growth: results from the detailed policy assessment tool [air traffic congestion]},
	Volume = {2},
	Year = {1997}}

@article{pyrgiotis2011public,
	Author = {Pyrgiotis, Nikolas},
	Date-Added = {2015-08-27 22:20:33 +0000},
	Date-Modified = {2015-08-27 22:20:33 +0000},
	Journal = {Transportation Research Record: Journal of the Transportation Research Board},
	Number = {2206},
	Pages = {69--83},
	Publisher = {Transportation Research Board of the National Academies},
	Title = {Public policy model of delays in a large network of major airports},
	Year = {2011}}

@inproceedings{kim2009air,
	Author = {Kim, Jinwhan and Tandale, MD and Menon, PK},
	Booktitle = {9th AIAA Aviation Technology, Integration, and Operations Conference},
	Date-Added = {2015-08-27 22:18:35 +0000},
	Date-Modified = {2015-08-27 22:18:35 +0000},
	Title = {Air-Traffic Uncertainty Models for Queuing Analysis},
	Year = {2009}}

@techreport{bardina2011nasa,
	Author = {Bardina, Jorge},
	Date-Added = {2015-08-27 22:14:36 +0000},
	Date-Modified = {2015-08-27 22:14:36 +0000},
	Institution = {SAE Technical Paper},
	Title = {NASA system-level design, analysis and simulation tools research on NextGen},
	Year = {2011}}

@inproceedings{sengupta2010computational,
	Author = {Sengupta, Prasenjit and Tandale, Monish D and Menon, PK},
	Booktitle = {10th AIAA Aviation Technology, Integration, and Operations (ATIO) Conference},
	Date-Added = {2015-08-27 22:14:18 +0000},
	Date-Modified = {2015-08-27 22:14:18 +0000},
	Pages = {9137},
	Title = {Computational Queuing Analysis: An Application to Traffic Flow Analysis of the NAS},
	Year = {2010}}

@article{austin2011introduction,
	Author = {Austin, Peter C},
	Date-Added = {2015-08-27 22:06:13 +0000},
	Date-Modified = {2015-08-27 22:06:13 +0000},
	Journal = {Multivariate behavioral research},
	Number = {3},
	Pages = {399--424},
	Publisher = {Taylor \& Francis},
	Title = {An introduction to propensity score methods for reducing the effects of confounding in observational studies},
	Volume = {46},
	Year = {2011}}

@article{kim2013,
	Author = {Kim, Amy and Hansen, Mark},
	Date-Added = {2015-08-27 19:36:43 +0000},
	Date-Modified = {2015-08-27 19:37:09 +0000},
	Journal = {Transportation Research Part B: Methodological},
	Pages = {119--133},
	Publisher = {Elsevier},
	Title = {Deconstructing delay: A non-parametric approach to analyzing delay changes in single server queuing systems},
	Volume = {58},
	Year = {2013}}

@article{mccaffrey2013tutorial,
	Author = {McCaffrey, Daniel F and Griffin, Beth Ann and Almirall, Daniel and Slaughter, Mary Ellen and Ramchand, Rajeev and Burgette, Lane F},
	Date-Added = {2015-08-27 19:35:35 +0000},
	Date-Modified = {2015-08-27 19:35:35 +0000},
	Journal = {Statistics in medicine},
	Number = {19},
	Pages = {3388--3414},
	Publisher = {Wiley Online Library},
	Title = {A tutorial on propensity score estimation for multiple treatments using generalized boosted models},
	Volume = {32},
	Year = {2013}}

@article{ridgeway2015toolkit,
	Author = {Ridgeway, Greg and McCaffrey, Dan and Morral, Andrew and Burgette, Lane and Griffin, Beth Ann},
	Date-Added = {2015-08-27 19:35:16 +0000},
	Date-Modified = {2015-08-27 19:35:16 +0000},
	Journal = {R vignette. RAND},
	Title = {Toolkit for Weighting and Analysis of Nonequivalent Groups: A tutorial for the twang package},
	Year = {2015}}

@article{rubin1974estimating,
	Author = {Rubin, Donald B},
	Date-Added = {2015-08-27 19:34:26 +0000},
	Date-Modified = {2015-08-27 19:34:26 +0000},
	Journal = {Journal of educational Psychology},
	Number = {5},
	Pages = {688},
	Publisher = {American Psychological Association},
	Title = {Estimating causal effects of treatments in randomized and nonrandomized studies.},
	Volume = {66},
	Year = {1974}}

@article{kuhn2013ground,
	Author = {Kuhn, Kenneth D},
	Date-Added = {2015-08-13 20:00:00 +0000},
	Date-Modified = {2015-08-13 20:00:00 +0000},
	Journal = {Transportation Research Part C: Emerging Technologies},
	Pages = {193--203},
	Publisher = {Elsevier},
	Title = {Ground delay program planning: Delay, equity, and computational complexity},
	Volume = {35},
	Year = {2013}}

@article{bloem2015ground,
	Author = {Bloem, Michael and Bambos, Nicholas},
	Date-Added = {2015-08-06 22:39:23 +0000},
	Date-Modified = {2015-08-06 22:39:23 +0000},
	Journal = {Journal of Aerospace Information Systems},
	Number = {3},
	Pages = {299--313},
	Publisher = {American Institute of Aeronautics and Astronautics},
	Title = {Ground Delay Program analytics with behavioral cloning and inverse reinforcement learning},
	Volume = {12},
	Year = {2015}}

@article{delgadoeffect,
	Author = {Delgado, Luis and Prats, Xavier},
	Date-Added = {2015-08-06 22:38:32 +0000},
	Date-Modified = {2015-08-06 22:38:32 +0000},
	Title = {Effect of Radii of Exemption on Ground Delay Programs with Operating Cost Based Cruise Speed Reduction}}

@article{ball2004ground,
	Author = {Ball, MO and Lulli, G},
	Date-Added = {2015-08-06 22:37:52 +0000},
	Date-Modified = {2015-08-06 22:37:52 +0000},
	Journal = {Air Traffic Control Quarterly},
	Number = {1},
	Title = {GROUND DELAY PROGRAMS: OPTIMIZING OVER THE INCLUDED FLIGHT SET BASED ON DISTANCE},
	Volume = {12},
	Year = {2004}}

@inproceedings{manley2008impact,
	Author = {Manley, Bengi and Sherry, Lance},
	Date-Added = {2015-08-06 22:35:08 +0000},
	Date-Modified = {2015-08-06 22:35:08 +0000},
	Title = {The impact of ground delay program (GDP) rationing rules on passenger and airline equity}}

@article{cook2010model,
	Author = {Cook, Lara S and Wood, Bryan},
	Date-Added = {2015-08-06 22:33:28 +0000},
	Date-Modified = {2015-08-06 22:33:28 +0000},
	Title = {A model for determining ground delay program parameters using a probabilistic forecast of stratus clearing}}
